@article{yamashita2018convolutional,
	title={Convolutional neural networks: an overview and application in radiology},
	author={Yamashita, Rikiya and Nishio, Mizuho and Do, Richard Kinh Gian and Togashi, Kaori},
	journal={Insights into imaging},
	volume={9},
	pages={611--629},
	year={2018},
	publisher={Springer}
}
@misc{web:2,
	author = {Manav Mandal},
	url = {https://www.analyticsvidhya.com/blog/2021/05/convolutional-neural-networks-cnn/#be44},
	title = {Introduction to Convolutional Neural Networks (CNN)}}
@misc{web:3,
	author = {Diego Unzueta},
	url = {https://builtin.com/machine-learning/fully-connected-layer},
	title = {Fully Connected Layer vs. Convolutional Layer: Explained}}
@misc{web:4,
	author = {Volodymyr Kovenko},
	url = {https://data.mendeley.com/datasets/dym6p2pvbt/1},
	title = {Emotional attitude captioning dataset}}
@misc{web:5,
	author = {Avijeet Biswal},
	url = {https://www.simplilearn.com/tutorials/deep-learning-tutorial/rnn?fbclid=IwAR2mwkQG8bpGKALoRSrkAukOxGJiULNnm2vT1-84ShvtNdRPCJhThLKrZdo},
	title = {Disadvantages of Recurrent Neural Network}}
@misc{web:6,
	author = {Huyen Nguyen Thanh},
	url = {https://viblo.asia/p/recurrent-neural-network-tu-rnn-den-lstm-gGJ597z1ZX2?fbclid=IwAR2CskZx40jmzFQ5Cts4WRd0X2M4bOBUG_EFC15NZO-W-IfRU9ZnBBlNr2M},
	title = {LSTM}}
@article{hochreiter1997long,
	title={Long short-term memory},
	author={Hochreiter, Sepp and Schmidhuber, J{\"u}rgen},
	journal={Neural computation},
	volume={9},
	number={8},
	pages={1735--1780},
	year={1997},
	publisher={MIT press}
}
@misc{web:8,
	author = {Shadab Hussain},
	url = {https://www.kaggle.com/datasets/shadabhussain/flickr8k},
	title = {Flickr8 dataset}}
@inproceedings{papineni2002bleu,
	title={Bleu: a method for automatic evaluation of machine translation},
	author={Papineni, Kishore and Roukos, Salim and Ward, Todd and Zhu, Wei-Jing},
	booktitle={Proceedings of the 40th annual meeting of the Association for Computational Linguistics},
	pages={311--318},
	year={2002}
}
@misc{web:10,
	author = {Google Cloud},
	url = {https://cloud.google.com/translate/automl/docs/evaluate#bleu},
	title = {Evaluating models}}
@inproceedings{lavie2010evaluating,
	title={Evaluating the output of machine translation systems},
	author={Lavie, Alon},
	booktitle={Proceedings of the 9th Conference of the Association for Machine Translation in the Americas: Tutorials},
	year={2010}
}